<collection xmlns="http://www.loc.gov/MARC21/slim">
<record>
  <leader>01091nam0a22002171i 450 </leader>
  <controlfield tag="001">IT\ICCU\CNCE\066138</controlfield>
  <controlfield tag="005">20080325000000.0</controlfield>
  <datafield tag="012" ind1=" " ind2=" ">
    <subfield code="a">7.i. m.ro 7.e. lode (S) 1587 (A)</subfield>
    <subfield code="2">fei</subfield>
  </datafield>
  <datafield tag="100" ind1=" " ind2=" ">
    <subfield code="a">20060828d1587        0itac0103    ba</subfield>
  </datafield>
  <datafield tag="101" ind1=" " ind2=" ">
    <subfield code="a">ITA</subfield>
  </datafield>
  <datafield tag="102" ind1=" " ind2=" ">
    <subfield code="a">IT</subfield>
  </datafield>
  <datafield tag="200" ind1="1" ind2=" ">
    <subfield code="a">Capitoli et conditioni con li quali il tenimento delle spazzate della mag. communita d&apos;Imola si ha ad affittare per anni noue da cominciarsi alla festa di s. Michele di settembre dell&apos;anno L587 \!!. &amp; finire come siegue all&apos;incanto solito con la Candella, ex nnnc \!! il detto affitto, e a lire 300G \!!. l&apos;anno di bol</subfield>
  </datafield>
  <datafield tag="210" ind1=" " ind2=" ">
    <subfield code="a">In Immola</subfield>
    <subfield code="c">appresso Lodouico Miseroca</subfield>
    <subfield code="d">&amp; Lorenzo Gianotti compagni</subfield>
    <subfield code="d">1587</subfield>
  </datafield>
  <datafield tag="215" ind1=" " ind2=" ">
    <subfield code="a">1 manifesto</subfield>
    <subfield code="d">atl</subfield>
  </datafield>
  <datafield tag="300" ind1=" " ind2=" ">
    <subfield code="a">Data di emanazione: 26 febbraio 1587</subfield>
  </datafield>
  <datafield tag="620" ind1=" " ind2=" ">
    <subfield code="a">IT</subfield>
    <subfield code="d">Imola</subfield>
  </datafield>
  <datafield tag="710" ind1="0" ind2="2">
    <subfield code="a">Imola</subfield>
    <subfield code="3">26879</subfield>
  </datafield>
  <datafield tag="712" ind1="0" ind2="0">
    <subfield code="a">Miserocchi, Ludovico &amp; Zanotti, Lorenzo</subfield>
    <subfield code="3">IT\ICCU\CNCT\006062</subfield>
    <subfield code="4">650</subfield>
  </datafield>
  <datafield tag="791" ind1="0" ind2="0">
    <subfield code="a">Miseroca, Lodovico &amp; Gianotti, Lorenzo</subfield>
    <subfield code="3">IT\ICCU\CNCT\006064</subfield>
    <subfield code="z">Miserocchi, Ludovico &amp; Zanotti, Lorenzo</subfield>
  </datafield>
  <datafield tag="801" ind1=" " ind2="3">
    <subfield code="a">IT</subfield>
    <subfield code="b">ICCU</subfield>
    <subfield code="c">20201115</subfield>
  </datafield>
  <datafield tag="899" ind1=" " ind2=" ">
    <subfield code="a">Biblioteca comunale. Imola</subfield>
    <subfield code="1">BO0199</subfield>
    <subfield code="2">UBO BC</subfield>
  </datafield>
</record>
</collection>
